
     @ARTICLE{lee2005tarboard,
   author = {Lee, Wonwoo and Woo, Woontack and Lee, Jongweon},
   title = {Tarboard: Tangible augmented reality system for table-top game environment},
   journal = {2nd International Workshop on Pervasive Gaming Applications, PerGamese},
   year = {2005},
   volume = {5},
   pages = {0-4}
   }

   @book{burdea2003virtual,
    title={Virtual Reality Technology},
    author={Burdea, G.C. and Coiffet, P.},
    number={v. 1},
    isbn={9780471360896},
    lccn={2002038088},
    series={Academic Search Complete},
    year={2003},
    publisher={Wiley}
   }

   @inproceedings{Lam:2006:AAR:1128923.1128987,
    author = {Lam, Albert H. T. and Chow, Kevin C. H. and Yau, Edward H. H. and Lyu, Michael R.},
    title = {ART: Augmented Reality Table for Interactive Trading Card Game},
    booktitle = {Proceedings of the 2006 ACM International Conference on Virtual Reality Continuum and Its Applications},
    series = {VRCIA '06},
    year = {2006},
    isbn = {1-59593-324-7},
    location = {Hong Kong, China},
    pages = {357--360},
    numpages = {4},
    url = {http://doi.acm.org/10.1145/1128923.1128987},
    doi = {10.1145/1128923.1128987},
    acmid = {1128987},
    publisher = {ACM},
    address = {New York, NY, USA},
    keywords = {augmented reality, card game environment, computer entertainment},
   }

   @misc{magic,
    title = {Magic: The Gathering},
    howpublished = {\url{http://magic.wizards.com/pt-br}},
    note = {Accessed: 2015-09-15}
   }

   @misc{magic_duels,
    title = {Magic Duels},
    howpublished = {\url{http://magic.wizards.com/content/magic-duels}},
    note = {Accessed: 2015-09-15}
   }

   @misc{unity,
    title = {Unity - Game Engine},
    howpublished = {\url{http://unity3d.com/pt/}},
    note = {Accessed: 2015-09-16}
   }

   @misc{vuforia,
    title = {Vuforia Developer Portal},
    howpublished = {\url{https://developer.vuforia.com/}},
    note = {Accessed: 2015-09-16}
   }
